@misc{holt2023generic,
  title         = {Generic root counts of tropically transverse systems -- An invitation to tropical geometry in OSCAR},
  author        = {Isaac Holt and Yue Ren},
  year          = {2023},
  eprint        = {2311.18018},
  archiveprefix = {arXiv},
  primaryclass  = {math.AG}
}